
@book{Sayama:2015:ComplexSystems,
	edition = {1st},
	title = {Introduction to the Modeling and Analysis of Complex Systems},
	isbn = {978-1-942341-09-3},
	url = {http://textbooks.opensuny.org/introduction-to-the-modeling-and-analysis-of-complex-systems/},
	language = {English},
	urldate = {2016-08-08},
	publisher = {Binghamton University, Suny},
	author = {{Hiroki Sayama}},
	year = {2015},
}
